<?xml version="1.0" encoding="UTF-8"?><record xmlns="http://www.loc.gov/MARC21/slim" xmlns:cinclude="http://apache.org/cocoon/include/1.0" xmlns:zs="http://www.loc.gov/zing/srw/">
  <leader>00929cz  a2200241n  4500</leader>
  <controlfield tag="001">n  00050683 </controlfield>
  <controlfield tag="003">DLC</controlfield>
  <controlfield tag="005">20080822074820.0</controlfield>
  <controlfield tag="008">001026n| acannaabn          |b aac      </controlfield>
  <datafield tag="010" ind1=" " ind2=" ">
    <subfield code="a">n  00050683 </subfield>
  </datafield>
  <datafield tag="035" ind1=" " ind2=" ">
    <subfield code="a">(OCoLC)oca05343375</subfield>
  </datafield>
  <datafield tag="040" ind1=" " ind2=" ">
    <subfield code="a">DLC</subfield>
    <subfield code="b">eng</subfield>
    <subfield code="c">DLC</subfield>
    <subfield code="d">Uk</subfield>
    <subfield code="d">OCoLC</subfield>
  </datafield>
  <datafield tag="100" ind1="1" ind2=" ">
    <subfield code="a">Lifland, Yosef,</subfield>
    <subfield code="d">1876-1950</subfield>
  </datafield>
  <datafield tag="400" ind1="1" ind2=" ">
    <subfield code="a">Lipland, Joseph,</subfield>
    <subfield code="d">1876-1950</subfield>
  </datafield>
  <datafield tag="400" ind1="1" ind2=" ">
    <subfield code="a">Lipland, Yosef,</subfield>
    <subfield code="d">1876-1950</subfield>
  </datafield>
  <datafield tag="400" ind1="1" ind2=" ">
    <subfield code="a">Lifland, Joseph,</subfield>
    <subfield code="d">1876-1950</subfield>
  </datafield>
  <datafield tag="400" ind1="1" ind2=" ">
    <subfield code="a">ליפלאנד, יוסף,</subfield>
    <subfield code="d">1876-1950</subfield>
  </datafield>
  <datafield tag="400" ind1="1" ind2=" ">
    <subfield code="a">ליפלאנד, יוסף,</subfield>
    <subfield code="d">6781־0591</subfield>
  </datafield>
  <datafield tag="667" ind1=" " ind2=" ">
    <subfield code="a">Machine-derived non-Latin script reference project.</subfield>
  </datafield>
  <datafield tag="667" ind1=" " ind2=" ">
    <subfield code="a">Non-Latin script references not evaluated.</subfield>
  </datafield>
  <datafield tag="670" ind1=" " ind2=" ">
    <subfield code="a">Converts and conversion to Judaism, 2001:</subfield>
    <subfield code="b">CIP t.p. (Rav Yosef Lifland) datasheet (1876-1950)</subfield>
  </datafield>
  <datafield tag="670" ind1=" " ind2=" ">
    <subfield code="a">LC database, 26 Oct. 2000</subfield>
    <subfield code="b">(hdg.: Lipland, Joseph; usage: Yosef Lifland)</subfield>
  </datafield>
  <datafield tag="670" ind1=" " ind2=" ">
    <subfield code="a">RLIN, 26 Oct. 2000</subfield>
    <subfield code="b">(hdg.: Lipland, Yosef, d. 1950)</subfield>
  </datafield>
</record>